% How to cite webpage: https://tex.stackexchange.com/questions/3587/how-can-i-use-bibtex-to-cite-a-web-page
@misc{tlc_data,
  title = {TLC Trip Record Data - NYC},
  author = {{New York City}},
  howpublished = {\url{https://www.nyc.gov/site/tlc/about/tlc-trip-record-data.page}},
  note = {Accessed: 2024-07-29}
}
% You should lookup the entries defined in bibtex to properly format your .bib file